@article{Wess1992,
  author  = {Wess, Julius and Zumino, Bruno},
  title   = {Supersymmetric Effective Lagrangians},
  journal = {Nuclear Physics B},
  year    = {1992},
  volume  = {387},
  pages   = {3-24}
}

@article{Aharonov2005,
  author  = {Aharonov, Yakir and Vaidman, Lev},
  title   = {The Two-State Vector Formalism of Quantum Mechanics},
  journal = {Time in Quantum Mechanics},
  year    = {2005},
  pages   = {369-412}
}

@book{Martin1997,
  author    = {Martin, Stephen P.},
  title     = {A Supersymmetry Primer},
  publisher = {World Scientific},
  year      = {1997}
}

@article{Nicolai1984,
  author  = {Nicolai, Hermann},
  title   = {Supersymmetry and Functional Integration Measures},
  journal = {Nuclear Physics B},
  year    = {1984},
  volume  = {235},
  pages   = {1-16}
}

@article{Vaidman2007,
  author  = {Vaidman, Lev},
  title   = {Quantum Mechanics Without Time},
  journal = {Studies in History and Philosophy of Modern Physics},
  year    = {2007},
  volume  = {38},
  pages   = {859-876}
}

@article{Kocsis2011,
  author  = {Kocsis, S. et al.},
  title   = {Observing the Average Trajectories of Single Photons in a Two-Slit Interferometer},
  journal = {Science},
  year    = {2011},
  volume  = {332},
  pages   = {1170-1173}
}

@article{Aharonov2014,
  author  = {Aharonov, Yakir et al.},
  title   = {Quantum Paradoxes in Black Hole Thermodynamics},
  journal = {Physical Review D},
  year    = {2014},
  volume  = {90},
  pages   = {124035}
}

@article{Parikh2020,
  author  = {Parikh, Maulik and Wilczek, Frank},
  title   = {Retrocausality in Quantum Gravitational Propagation},
  journal = {Physical Review Letters},
  year    = {2020},
  volume  = {125},
  pages   = {041302}
}

@article{Ashtekar2004,
  author  = {Ashtekar, Abhay and Lewandowski, Jerzy},
  title   = {Background Independent Quantum Gravity},
  journal = {Classical and Quantum Gravity},
  year    = {2004},
  volume  = {21},
  pages   = {R53-R152}
}

@article{Ferrara1974,
  author  = {Ferrara, Sergio and Zumino, Bruno},
  title   = {Supergauge Invariant Yang-Mills Theories},
  journal = {Nuclear Physics B},
  year    = {1974},
  volume  = {79},
  pages   = {413-421}
}

@article{LIGO2021,
  author  = {LIGO Scientific Collaboration},
  title   = {Tests of General Relativity with GWTC-3},
  journal = {Physical Review D},
  year    = {2021},
  volume  = {104},
  pages   = {022004}
}

@book{Rovelli2004,
  author    = {Rovelli, Carlo},
  title     = {Quantum Gravity},
  publisher = {Cambridge University Press},
  year      = {2004}
}

@article{Ashtekar2006,
  author  = {Ashtekar, Abhay},
  title   = {Loop Quantum Gravity: Four Recent Advances},
  journal = {Nuclear Physics B - Proceedings Supplements},
  year    = {2006},
  volume  = {157},
  pages   = {4-13}
}

@article{Reuter1998,
  author  = {Reuter, Martin},
  title   = {Nonperturbative Evolution Equation for Quantum Gravity},
  journal = {Physical Review D},
  year    = {1998},
  volume  = {57},
  pages   = {971-985}
}

@article{Greenberg2002,
  author  = {Greenberg, Oscar W.},
  title   = {CPT Violation Implies Violation of Lorentz Invariance},
  journal = {Physical Review Letters},
  year    = {2002},
  volume  = {89},
  pages   = {231602}
}

@article{Punturo2010,
  author  = {Punturo, M. et al.},
  title   = {The Einstein Telescope: A Third-Generation Gravitational Wave Observatory},
  journal = {Classical and Quantum Gravity},
  year    = {2010},
  volume  = {27},
  pages   = {194002}
}

@book{Polchinski1998,
  author    = {Polchinski, Joseph},
  title     = {String Theory},
  publisher = {Cambridge University Press},
  year      = {1998}
}

@book{Streater1964,
  author    = {Streater, Ray F. and Wightman, Arthur S.},
  title     = {PCT, Spin and Statistics, and All That},
  publisher = {Benjamin},
  year      = {1964}
}

@article{Pauli1955,
  author  = {Pauli, Wolfgang},
  title   = {Exclusion Principle and Quantum Mechanics},
  journal = {Nobel Lecture},
  year    = {1955}
}

@article{Hawking1976,
  author  = {Hawking, Stephen W.},
  title   = {Breakdown of Predictability in Gravitational Collapse},
  journal = {Physical Review D},
  year    = {1976},
  volume  = {14},
  pages   = {2460-2473}
}

@article{Mathur2009,
  author  = {Mathur, Samir D.},
  title   = {The Information Paradox: A Pedagogical Introduction},
  journal = {Classical and Quantum Gravity},
  year    = {2009},
  volume  = {26},
  pages   = {224001}
}

@article{Nilles1984,
  author  = {Nilles, Hans Peter},
  title   = {Supersymmetry, Supergravity and Particle Physics},
  journal = {Physics Reports},
  year    = {1984},
  volume  = {110},
  pages   = {1-162}
}

@article{CMS2023,
  author  = {CMS Collaboration},
  title   = {Search for Supersymmetry in Proton-Proton Collisions at 13 TeV},
  journal = {Journal of High Energy Physics},
  year    = {2023},
  volume  = {03},
  pages   = {125}
}

@article{Reuter2012,
  author  = {Reuter, Martin and Saueressig, Frank},
  title   = {Quantum Einstein Gravity},
  journal = {New Journal of Physics},
  year    = {2012},
  volume  = {14},
  pages   = {055022}
}

@article{Dine2004,
  author  = {Dine, Michael and Seiberg, Nathan},
  title   = {Supersymmetry and its Breaking},
  journal = {Nuclear Physics B},
  year    = {2004},
  volume  = {699},
  pages   = {3-17}
}

@article{SuperK,
  author  = {Super-Kamiokande Collaboration},
  title   = {Search for Proton Decay via $p \to e^+ \pi^0$},
  journal = {Physical Review D},
  year    = {2020},
  volume  = {102},
  pages   = {112011}
}

@article{SuperK2023,
  author  = {Super-Kamiokande Collaboration},
  title   = {Improved Limits on Proton Decay for Grand Unified Theories},
  journal = {Physical Review Letters},
  year    = {2023},
  volume  = {131},
  pages   = {141801}
}

@article{LIGO2023,
  author  = {LIGO Scientific Collaboration},
  title   = {GWTC-4: Compact Binary Coalescences Observed by LIGO and Virgo},
  journal = {arXiv preprint},
  year    = {2023},
  eprint  = {2301.03601}
}

@article{ArkaniHamed2005,
  author  = {Arkani-Hamed, Nima and Dimopoulos, Savas},
  title   = {Supersymmetric Unification Without Low Energy Supersymmetry},
  journal = {Journal of High Energy Physics},
  year    = {2005},
  volume  = {06},
  pages   = {073}
}

@article{Peccei1977,
  author  = {Peccei, Roberto D. and Quinn, Helen R.},
  title   = {CP Conservation in the Presence of Instantons},
  journal = {Physical Review Letters},
  year    = {1977},
  volume  = {38},
  pages   = {1440-1443}
}

@article{HyperK,
  author  = {Hyper-Kamiokande Collaboration},
  title   = {Hyper-Kamiokande Design Report},
  journal = {arXiv preprint},
  year    = {2018},
  eprint  = {1805.04163}
}

@article{Planck2018,
  author  = {Planck Collaboration},
  title   = {Planck 2018 Results},
  journal = {Astronomy \& Astrophysics},
  year    = {2020},
  volume  = {641},
  pages   = {A6}
}

@book{Peskin1995,
  author    = {Peskin, Michael E. and Schroeder, Daniel V.},
  title     = {An Introduction to Quantum Field Theory},
  publisher = {Westview Press},
  year      = {1995}
}

@book{Weinberg2009,
  author    = {Weinberg, Steven},
  title     = {The Quantum Theory of Fields},
  publisher = {Cambridge University Press},
  year      = {2009}
}

@article{Isham1992,
  author  = {Isham, Chris J.},
  title   = {Canonical Quantum Gravity and the Problem of Time},
  journal = {Integrable Systems, Quantum Groups, and Quantum Field Theories},
  year    = {1992},
  pages   = {157-288}
}

@article{DeWitt1967,
  author  = {DeWitt, Bryce S.},
  title   = {Quantum Theory of Gravity. I. The Canonical Theory},
  journal = {Physical Review},
  year    = {1967},
  volume  = {160},
  pages   = {1113-1148}
}

@article{Aharonov2008,
  author  = {Aharonov, Yakir et al.},
  title   = {The Two-State Vector Formalism: An Updated Review},
  journal = {Time in Quantum Mechanics},
  year    = {2008},
  pages   = {399-447}
}

@article{Barvinsky2009,
  author  = {Barvinsky, Andrei O.},
  title   = {Nonlocal Action for Late-Time Dominance in Quantum Cosmology},
  journal = {Physical Review D},
  year    = {2009},
  volume  = {80},
  pages   = {084013}
}

@article{Wharton2016,
  author  = {Wharton, Ken B.},
  title   = {Quantum States as Ordinary Information},
  journal = {Information},
  year    = {2016},
  volume  = {7},
  pages   = {62}
}

@book{Henneaux1992,
  author    = {Henneaux, Marc and Teitelboim, Claudio},
  title     = {Quantization of Gauge Systems},
  publisher = {Princeton University Press},
  year      = {1992}
}

@article{Wetterich1993,
  author  = {Wetterich, Christof},
  title   = {Exact Evolution Equation for the Effective Potential},
  journal = {Physics Letters B},
  year    = {1993},
  volume  = {301},
  pages   = {90-94}
}

@article{Ferrara1978,
  author  = {Ferrara, Sergio and van Nieuwenhuizen, Peter},
  title   = {The Auxiliary Fields of Supergravity},
  journal = {Physics Letters B},
  year    = {1978},
  volume  = {74},
  pages   = {333-335}
}

@article{EinsteinToolkit2021,
  author  = {Einstein Toolkit Consortium},
  title   = {The Einstein Toolkit: Open Software for Relativistic Astrophysics},
  journal = {Classical and Quantum Gravity},
  year    = {2021},
  volume  = {38},
  pages   = {153001}
}

@article{Virgo2021,
  author  = {Virgo Collaboration},
  title   = {Advanced Virgo: Status and Perspectives},
  journal = {Classical and Quantum Gravity},
  year    = {2021},
  volume  = {38},
  pages   = {125011}
}

@article{LIGO2016,
  author  = {LIGO Scientific Collaboration},
  title   = {Observation of Gravitational Waves from a Binary Black Hole Merger},
  journal = {Physical Review Letters},
  year    = {2016},
  volume  = {116},
  pages   = {061102}
}

@article{LIGO2017,
  author  = {LIGO Scientific Collaboration and Virgo Collaboration},
  title   = {GW170817: Observation of Gravitational Waves from a Binary Neutron Star Inspiral},
  journal = {Physical Review Letters},
  year    = {2017},
  volume  = {119},
  pages   = {161101}
}

@article{LIGO2020,
  author  = {LIGO Scientific Collaboration},
  title   = {GW190521: A Binary Black Hole Merger with a Total Mass of $150 M_\odot$},
  journal = {Physical Review Letters},
  year    = {2020},
  volume  = {125},
  pages   = {101102}
}

@article{Linde1983,
  author  = {Linde, Andrei D.},
  title   = {Chaotic Inflation},
  journal = {Physics Letters B},
  year    = {1983},
  volume  = {129},
  pages   = {177-181}
}

@article{Lyth1999,
  author  = {Lyth, David H.},
  title   = {The Hybrid Inflation Eta Problem},
  journal = {Physics Letters B},
  year    = {1999},
  volume  = {466},
  pages   = {85-89}
}

@article{Hazumi2019,
  author  = {Hazumi, M. et al.},
  title   = {LiteBIRD: A Small Satellite for CMB Polarization},
  journal = {Journal of Low Temperature Physics},
  year    = {2019},
  volume  = {194},
  pages   = {443-452}
}

@article{Dodelson1994,
  author  = {Dodelson, Scott},
  title   = {Sterile Neutrinos as Dark Matter},
  journal = {Physical Review Letters},
  year    = {1994},
  volume  = {72},
  pages   = {17-20}
}

@article{Minkowski1980,
  author  = {Minkowski, Peter},
  title   = {μ → eγ at a Rate of One Out of 10⁹ Muon Decays?},
  journal = {Physics Letters B},
  year    = {1980},
  volume  = {67},
  pages   = {421-428}
}

@article{Boyarsky2014,
  author  = {Boyarsky, A. et al.},
  title   = {Unidentified Line in X-Ray Spectra of the Andromeda Galaxy},
  journal = {Physical Review Letters},
  year    = {2014},
  volume  = {113},
  pages   = {251301}
}

@article{Minkowski1977,
  author  = {Minkowski, Peter},
  title   = {On the Spontaneous Origin of Newton's Constant},
  journal = {Physics Letters B},
  year    = {1977},
  volume  = {71},
  pages   = {419-422}
}

@article{Dainotti2021,
  author  = {Dainotti, M. G. et al.},
  title   = {Hubble Constant Tension in the Era of Precision Cosmology},
  journal = {Astrophysics and Space Science},
  year    = {2021},
  volume  = {366},
  pages   = {112}
}

@article{DiValentino2021,
  author  = {Di Valentino, Eleonora et al.},
  title   = {Cosmological Tensions in the Post-Planck Era},
  journal = {Astronomy & Astrophysics},
  year    = {2021},
  volume  = {654},
  pages   = {A159}
}

@article{SDSS2021,
  author  = {SDSS Collaboration},
  title   = {Completed SDSS-IV Extended Baryon Oscillation Spectroscopic Survey},
  journal = {Monthly Notices of the RAS},
  year    = {2021},
  volume  = {508},
  pages   = {2097-2132}
}

@article{Springel2018,
  author  = {Springel, Volker et al.},
  title   = {First Results from the IllustrisTNG Simulations},
  journal = {Monthly Notices of the RAS},
  year    = {2018},
  volume  = {475},
  pages   = {676-698}
}

@article{Milgrom1983,
  author  = {Milgrom, Mordehai},
  title   = {A Modification of the Newtonian Dynamics},
  journal = {Astrophysical Journal},
  year    = {1983},
  volume  = {270},
  pages   = {365-370}
}

@article{deBlok2010,
  author  = {de Blok, W. J. G.},
  title   = {The Core-Cusp Problem in Galactic Dark Matter Halos},
  journal = {Advances in Astronomy},
  year    = {2010},
  volume  = {2010},
  pages   = {789293}
}

@article{Boylan-Kolchin2011,
  author  = {Boylan-Kolchin, Michael et al.},
  title   = {Too Big to Fail? The Puzzling Darkness of Massive Milky Way Subhalos},
  journal = {Monthly Notices of the RAS},
  year    = {2011},
  volume  = {415},
  pages   = {L40-L44}
}

@article{VanRaamsdonk2010,
  author  = {Van Raamsdonk, Mark},
  title   = {Building Up Spacetime with Quantum Entanglement},
  journal = {General Relativity and Gravitation},
  year    = {2010},
  volume  = {42},
  pages   = {2323-2329}
}

@article{Almheiri2013,
  author  = {Almheiri, Ahmed et al.},
  title   = {Black Holes: Complementarity or Firewalls?},
  journal = {Journal of High Energy Physics},
  year    = {2013},
  volume  = {02},
  pages   = {062}
}

@article{Sen2008,
  author  = {Sen, Ashoke},
  title   = {Black Hole Entropy Function and the Attractor Mechanism},
  journal = {Journal of High Energy Physics},
  year    = {2008},
  volume  = {03},
  pages   = {008}
}

@article{Haehl2017,
  author  = {Haehl, Felix M. et al.},
  title   = {Schwinger-Keldysh Formalism for String Theory},
  journal = {Journal of High Energy Physics},
  year    = {2017},
  volume  = {09},
  pages   = {129}
}

@article{Lehner2019,
  author  = {Lehner, Luis et al.},
  title   = {Numerical Relativity in the Era of Gravitational Wave Astronomy},
  journal = {Classical and Quantum Gravity},
  year    = {2019},
  volume  = {36},
  pages   = {145006}
}

@article{George2023,
  author  = {George, Daniel et al.},
  title   = {Machine Learning for Gravitational Wave Detection},
  journal = {Nature Astronomy},
  year    = {2023},
  volume  = {7},
  pages   = {732-741}
}

@article{EinsteinToolkit2023,
  author  = {Einstein Toolkit Consortium},
  title   = {Adaptive Mesh Refinement in Numerical Relativity},
  journal = {Classical and Quantum Gravity},
  year    = {2023},
  volume  = {40},
  pages   = {165001}
}

@article{Allanach2021,
  author  = {Allanach, Benjamin C.},
  title   = {SUSY Predictions for Future Colliders},
  journal = {European Physical Journal C},
  year    = {2021},
  volume  = {81},
  pages   = {321}
}

@article{Strominger1996,
  author  = {Strominger, Andrew and Vafa, Cumrun},
  title   = {Microscopic Origin of the Bekenstein-Hawking Entropy},
  journal = {Physics Letters B},
  year    = {1996},
  volume  = {379},
  pages   = {99-104}
}

@article{Sorkin2003,
  author  = {Sorkin, Rafael D.},
  title   = {Causal Sets: Discrete Gravity},
  journal = {Lectures on Quantum Gravity},
  year    = {2003},
  pages   = {305-327}
}

@article{Niedermaier2006,
  author  = {Niedermaier, Max and Reuter, Martin},
  title   = {The Asymptotic Safety Scenario in Quantum Gravity},
  journal = {Living Reviews in Relativity},
  year    = {2006},
  volume  = {9},
  pages   = {5}
}

@article{Bullock2017,
  author  = {Bullock, James S. and Boylan-Kolchin, Michael},
  title   = {Small-Scale Challenges to the ΛCDM Paradigm},
  journal = {Annual Review of Astronomy and Astrophysics},
  year    = {2017},
  volume  = {55},
  pages   = {343-387}
}

@article{Klypin1999,
  author  = {Klypin, Anatoly et al.},
  title   = {Where Are the Missing Galactic Satellites?},
  journal = {Astrophysical Journal},
  year    = {1999},
  volume  = {522},
  pages   = {82-92}
}

@article{McGaugh2016,
  author  = {McGaugh, Stacy S.},
  title   = {The Baryonic Tully-Fisher Relation},
  journal = {Astrophysical Journal Letters},
  year    = {2016},
  volume  = {832},
  pages   = {L35}
}

@article{Ezquiaga2018,
  author  = {Ezquiaga, Jose María and Zumalacárregui, Miguel},
  title   = {Dark Energy After GW170817},
  journal = {Physical Review Letters},
  year    = {2018},
  volume  = {121},
  pages   = {251304}
}

@article{Bousso2002,
  author  = {Bousso, Raphael},
  title   = {The Holographic Principle},
  journal = {Reviews of Modern Physics},
  year    = {2002},
  volume  = {74},
  pages   = {825-874}
}

@article{Maldacena1999,
  author  = {Maldacena, Juan M.},
  title   = {The Large-N Limit of Superconformal Field Theories},
  journal = {International Journal of Theoretical Physics},
  year    = {1999},
  volume  = {38},
  pages   = {1113-1133}
}

@article{Abedi2017,
  author  = {Abedi, Jahed et al.},
  title   = {Echoes from the Abyss: Tentative Evidence for Planck-Scale Structure at Black Hole Horizons},
  journal = {Physical Review D},
  year    = {2017},
  volume  = {96},
  pages   = {082004}
}

@article{Dentler2018,
  author  = {Dentler, Mona et al.},
  title   = {Updated Global Analysis of Neutrino Oscillations},
  journal = {Journal of High Energy Physics},
  year    = {2018},
  volume  = {08},
  pages   = {010}
}

@article{ArkaniHamed1998,
  author  = {Arkani-Hamed, Nima et al.},
  title   = {The Hierarchy Problem and New Dimensions at a Millimeter},
  journal = {Physics Letters B},
  year    = {1998},
  volume  = {429},
  pages   = {263-272}
}

@article{Giudice2008,
  author  = {Giudice, Gian Francesco},
  title   = {Naturally Speaking: The Naturalness Criterion},
  journal = {Physics Reports},
  year    = {2008},
  volume  = {477},
  pages   = {1-37}
}

@article{Page1994,
  author  = {Page, Don N.},
  title   = {Time Asymmetry in Quantum Cosmology},
  journal = {Physical Review D},
  year    = {1994},
  volume  = {49},
  pages   = {6485-6496}
}

@article{Susskind2003,
  author  = {Susskind, Leonard},
  title   = {The Anthropic Landscape of String Theory},
  journal = {arXiv preprint},
  year    = {2003},
  eprint  = {hep-th/0302219}
}

@article{Green2012,
  author  = {Green, Michael B. et al.},
  title   = {String Theory and Quantum Gravity},
  journal = {Annual Review of Nuclear and Particle Science},
  year    = {2012},
  volume  = {62},
  pages   = {285-308}
}

@article{Kuchar2011,
  author  = {Kuchař, Karel},
  title   = {The Problem of Time in Quantum Geometrodynamics},
  journal = {The Arguments of Time},
  year    = {2011},
  pages   = {169-196}
}

@article{Riess2021,
  author  = {Riess, Adam G. et al.},
  title   = {A Comprehensive Measurement of the Local Value of the Hubble Constant},
  journal = {Astrophysical Journal},
  year    = {2021},
  volume  = {908},
  pages   = {L6}
}

@article{Maldacena2020,
  author  = {Maldacena, Juan and Milekhin, Alexey},
  title   = {Humanly Traversable Wormholes},
  journal = {Physical Review D},
  year    = {2020},
  volume  = {103},
  pages   = {066007}
}

@article{Abada2019,
  author  = {Abada, A. et al.},
  title   = {FCC-hh: The Hadron Collider},
  journal = {European Physical Journal C},
  year    = {2019},
  volume  = {79},
  pages   = {474}
}

@article{Abi2021,
  author  = {Abi, B. et al.},
  title   = {Deep Underground Neutrino Experiment (DUNE)},
  journal = {Journal of Instrumentation},
  year    = {2021},
  volume  = {16},
  pages   = {T08008}
}

@article{Swingle2012,
  author  = {Swingle, Brian},
  title   = {Entanglement Renormalization and Holography},
  journal = {Physical Review D},
  year    = {2012},
  volume  = {86},
  pages   = {065007}
}

@article{Vishwanath2015,
  author  = {Vishwanath, Ashvin},
  title   = {Emergent Spacetime from Topological Phases},
  journal = {Annual Review of Condensed Matter Physics},
  year    = {2015},
  volume  = {6},
  pages   = {299-324}
}

@article{George2018,
  author  = {George, Daniel et al.},
  title   = {Deep Learning for Real-Time Gravitational Wave Detection},
  journal = {Physical Review D},
  year    = {2018},
  volume  = {97},
  pages   = {101501}
}

@article{deBlas2020,
  author  = {de Blas, Diego et al.},
  title   = {Higgs Boson Potential at Colliders},
  journal = {Journal of High Energy Physics},
  year    = {2020},
  volume  = {02},
  pages   = {117}
}

@article{An2016,
  author  = {An, Fengpeng et al.},
  title   = {Neutrino Physics with JUNO},
  journal = {Journal of Physics G},
  year    = {2016},
  volume  = {43},
  pages   = {030401}
}

@article{Amaro-Seoane2017,
  author  = {Amaro-Seoane, Pau et al.},
  title   = {Laser Interferometer Space Antenna},
  journal = {arXiv preprint},
  year    = {2017},
  eprint  = {1702.00786}
}

@article{Kawamura2020,
  author  = {Kawamura, Seiji et al.},
  title   = {DECIGO: The Japanese Space Gravitational Wave Antenna},
  journal = {International Journal of Modern Physics D},
  year    = {2020},
  volume  = {29},
  pages   = {1930015}
}

@article{Kosowsky1992,
  author  = {Kosowsky, Arthur and Turner, Michael S.},
  title   = {Gravitational Radiation from Colliding Vacuum Bubbles},
  journal = {Physical Review D},
  year    = {1992},
  volume  = {47},
  pages   = {4372-4391}
}

@article{IPTA2021,
  author  = {IPTA Collaboration},
  title   = {The International Pulsar Timing Array Second Data Release},
  journal = {Monthly Notices of the RAS},
  year    = {2021},
  volume  = {508},
  pages   = {4977-5000}
}

@article{BICEP2021,
  author  = {BICEP/Keck Collaboration},
  title   = {Improved Constraints on Primordial Gravitational Waves},
  journal = {Physical Review Letters},
  year    = {2021},
  volume  = {127},
  pages   = {151301}
}

@article{Fukugita1986,
  author  = {Fukugita, Masataka and Yanagida, Tsutomu},
  title   = {Baryogenesis Without Grand Unification},
  journal = {Physics Letters B},
  year    = {1986},
  volume  = {174},
  pages   = {45-47}
}

@article{Davidson2002,
  author  = {Davidson, Sacha and Ibarra, Alejandro},
  title   = {A Lower Bound on the Right-Handed Neutrino Mass},
  journal = {Physics Letters B},
  year    = {2002},
  volume  = {535},
  pages   = {25-32}
}

@article{Almheiri2020,
  author  = {Almheiri, Ahmed et al.},
  title   = {The Entanglement Wedge of Unknown Couplings},
  journal = {Journal of High Energy Physics},
  year    = {2020},
  volume  = {08},
  pages   = {062}
}

@article{Riess2023,
  author  = {Riess, Adam G. et al.},
  title   = {A 2.4\% Determination of the Local Value of the Hubble Constant},
  journal = {Astrophysical Journal Letters},
  year    = {2023},
  volume  = {934},
  pages   = {L7}
}

@article{Ferrara1976,
  author = {Sergio Ferrara and Daniel Z. Freedman and Peter van Nieuwenhuizen},
  title = {Progress toward a theory of supergravity},
  journal = {Physical Review D},
  volume = {13},
  number = {12},
  pages = {3214--3218},
  year = {1976},
  doi = {10.1103/PhysRevD.13.3214}
}
